<?xml version="1.0" encoding="UTF-8"?>
<marc:collection xmlns="http://www.loc.gov/MARC21/slim" xmlns:marc="http://www.loc.gov/MARC21/slim" xmlns:xsi="http://www.w3.org/2001/XMLSchema-instance" xsi:schemaLocation="http://www.loc.gov/standards/marcxml/schema/MARC21slim.xsd http://www.loc.gov/MARC21/slim">
  <record>
    <leader>00000npcaa2200000 u 4500</leader>
    <controlfield tag="008">181003i20022005xx                  eng d</controlfield>
    <datafield ind1=" " ind2=" " tag="040">
      <subfield code="a">DWP</subfield>
      <subfield code="b">eng</subfield>
      <subfield code="c">DWP</subfield>
      <subfield code="e">dacs</subfield>
    </datafield>
    <datafield ind1="0" ind2="7" tag="041">
      <subfield code="a">eng</subfield>
      <subfield code="2">iso639-2b</subfield>
    </datafield>
    <datafield ind1=" " ind2=" " tag="049">
      <subfield code="a">DWP</subfield>
    </datafield>
    <datafield ind1=" " ind2=" " tag="099">
      <subfield code="a">PBY104</subfield>
    </datafield>
    <datafield ind1="0" ind2="0" tag="245">
      <subfield code="a">The Georgetown Project, Washington, DC,</subfield>
      <subfield code="f">2002 - 2005</subfield>
    </datafield>
    <datafield ind1=" " ind2=" " tag="300">
      <subfield code="a">2</subfield>
      <subfield code="f">Linear feet</subfield>
    </datafield>
    <datafield ind1="2" ind2=" " tag="520">
      <subfield code="a">The Georgetown Project collection consists of a wide variety of documents consisting of DDOT memos, faxes, meeting notes, emails, printed PowerPoint presentations, press clipping/releases, web page printouts,  and submitted letters from area businesses impacted by the street project.

Subject headings were devised by creators. .</subfield>
    </datafield>
    <datafield ind1="1" ind2=" " tag="541">
      <subfield code="a">Materials donated by Bill Rice in 2013. .</subfield>
    </datafield>
    <datafield ind1=" " ind2=" " tag="545">
      <subfield code="a">The Georgetown Project was a joint effort by PEPCO, Verizon, Washington Gas, the D.C. Water and Sewer Authority and the District Department of Transportation.  The project encompassed a major upgrade of Georgetown's underground utility infrastructure and streetscape. The project began in October 2001 and was completed in July 2005.

Phase I

M Street, N.W. - 29th Street to Key Bridge, October 2001 through 2004

Phase II

Wisconsin Avenue, N.W. - M Street to S Street,  July 2002 through 2005.</subfield>
    </datafield>
    <datafield ind1=" " ind2=" " tag="852">
      <subfield code="a">DWP</subfield>
    </datafield>
  </record>
</marc:collection>

